@article{smolka_GuardedKleeneAlgebra_2020,
  title = {Guarded {{Kleene}} Algebra with Tests: Verification of Uninterpreted Programs in Nearly Linear Time},
  shorttitle = {Guarded {{Kleene}} Algebra with Tests},
  author = {Smolka, Steffen and Foster, Nate and Hsu, Justin and Kapp{\'e}, Tobias and Kozen, Dexter and Silva, Alexandra},
  year = {2020},
  month = jan,
  journal = {Proceedings of the ACM on Programming Languages},
  volume = {4},
  number = {POPL},
  pages = {1--28},
  issn = {2475-1421},
  doi = {10.1145/3371129},
  langid = {english}
}

@article{rutten_UniversalCoalgebraTheory_2000,
  title = {Universal Coalgebra: A Theory of Systems},
  shorttitle = {Universal Coalgebra},
  author = {Rutten, J. J. M. M.},
  year = {2000},
  month = oct,
  journal = {Theoretical Computer Science},
  series = {Modern {{Algebra}}},
  volume = {249},
  number = {1},
  pages = {3--80},
  issn = {0304-3975},
  doi = {10.1016/S0304-3975(00)00056-6},
}

@misc{schmid_GuardedKleeneAlgebra_2021,
  title = {Guarded {{Kleene Algebra}} with {{Tests}}: {{Coequations}}, {{Coinduction}}, and {{Completeness}}},
  shorttitle = {Guarded {{Kleene Algebra}} with {{Tests}}},
  author = {Schmid, Todd and Kapp{\'e}, Tobias and Kozen, Dexter and Silva, Alexandra},
  year = {2021},
  month = may,
  eprint = {2102.08286},
  primaryclass = {cs},
  doi = {10.4230/LIPIcs.ICALP.2021.142},
  urldate = {2023-07-03},
  archiveprefix = {arxiv},
  keywords = {Computer Science - Logic in Computer Science,Computer Science - Programming Languages}
}

@inproceedings{jacobs_IntroductionCoalgebraMathematics_2016,
  title = {Introduction to {{Coalgebra}}: {{Towards Mathematics}} of {{States}} and {{Observation}}},
  shorttitle = {Introduction to {{Coalgebra}}},
  author = {Jacobs, Bart},
  year = {2016},
  month = oct,
  edition = {1},
  publisher = {Cambridge University Press},
  doi = {10.1017/CBO9781316823187},
  urldate = {2024-05-20},
  copyright = {https://www.cambridge.org/core/terms},
  isbn = {978-1-107-17789-5 978-1-316-82318-7}
}

@incollection{kozen_CoalgebraicTheoryKleene_2017,
  title = {On the {{Coalgebraic Theory}} of {{Kleene Algebra}} with {{Tests}}},
  booktitle = {Rohit {{Parikh}} on {{Logic}}, {{Language}} and {{Society}}},
  author = {Kozen, Dexter},
  editor = {Ba{\c s}kent, Can and Moss, Lawrence S. and Ramanujam, Ramaswamy},
  year = {2017},
  series = {Outstanding {{Contributions}} to {{Logic}}},
  pages = {279--298},
  publisher = {Springer International Publishing},
  address = {Cham},
  doi = {10.1007/978-3-319-47843-2_15},
  urldate = {2024-01-17},
  isbn = {978-3-319-47843-2},
  langid = {english}
}
@inproceedings{pous_SymbolicAlgorithmsLanguage_2015,
  title = {Symbolic {{Algorithms}} for {{Language Equivalence}} and {{Kleene Algebra}} with {{Tests}}},
  booktitle = {Proceedings of the 42nd {{Annual ACM SIGPLAN-SIGACT Symposium}} on {{Principles}} of {{Programming Languages}}},
  author = {Pous, Damien},
  year = {2015},
  month = jan,
  series = {{{POPL}} '15},
  pages = {357--368},
  publisher = {Association for Computing Machinery},
  address = {New York, NY, USA},
  doi = {10.1145/2676726.2677007},
  urldate = {2023-12-07},
  isbn = {978-1-4503-3300-9}
}

@article{almeida_DecidingKATHoare_2012,
  title = {Deciding {{KAT}} and {{Hoare Logic}} with {{Derivatives}}},
  author = {Almeida, Ricardo and Broda, Sabine and Moreira, Nelma},
  year = {2012},
  month = oct,
  journal = {Electronic Proceedings in Theoretical Computer Science},
  volume = {96},
  pages = {127--140},
  issn = {2075-2180},
  doi = {10.4204/EPTCS.96.10},
  urldate = {2023-12-08},
  langid = {english}
}

@article{sokolova_WeakBisimulationActionType_2005,
  title = {Weak {{Bisimulation}} for {{Action-Type Coalgebras}}},
  author = {Sokolova, Ana and De Vink, Erik and Woracek, Harald},
  year = {2005},
  month = mar,
  journal = {Electronic Notes in Theoretical Computer Science},
  volume = {122},
  pages = {211--228},
  issn = {15710661},
  doi = {10.1016/j.entcs.2004.06.050},
  urldate = {2024-12-02},
  copyright = {https://www.elsevier.com/tdm/userlicense/1.0/},
  langid = {english}
}

@article{bonchi_KillingEpsilonsDagger_2015a,
  title = {Killing Epsilons with a Dagger: {{A}} Coalgebraic Study of Systems with Algebraic Label Structure},
  shorttitle = {Killing Epsilons with a Dagger},
  author = {Bonchi, Filippo and Milius, Stefan and Silva, Alexandra and Zanasi, Fabio},
  year = {2015},
  month = nov,
  journal = {Theoretical Computer Science},
  volume = {604},
  pages = {102--126},
  issn = {03043975},
  doi = {10.1016/j.tcs.2015.03.024},
  urldate = {2024-07-01},
  langid = {english}
}

@incollection{silva_CoalgebraicViewETransitions_2013a,
  title = {A {{Coalgebraic View}} of {$\varepsilon$}-{{Transitions}}},
  booktitle = {Algebra and {{Coalgebra}} in {{Computer Science}}},
  author = {Silva, Alexandra and Westerbaan, Bram},
  editor = {Hutchison, David and Kanade, Takeo and Kittler, Josef and Kleinberg, Jon M. and Mattern, Friedemann and Mitchell, John C. and Naor, Moni and Nierstrasz, Oscar and Pandu Rangan, C. and Steffen, Bernhard and Sudan, Madhu and Terzopoulos, Demetri and Tygar, Doug and Vardi, Moshe Y. and Weikum, Gerhard and Heckel, Reiko and Milius, Stefan},
  year = {2013},
  volume = {8089},
  pages = {267--281},
  publisher = {Springer Berlin Heidelberg},
  address = {Berlin, Heidelberg},
  doi = {10.1007/978-3-642-40206-7_20},
  urldate = {2024-12-03},
  isbn = {978-3-642-40205-0 978-3-642-40206-7},
  langid = {english}
}
